@article{wolf2011introduction,
  title={An introduction to duality in convex optimization},
  author={Wolf, Stephan and Gunther, Stephan M and Sc, M},
  journal={Network},
  volume={153},
  pages={153--162},
  year={2011}
}

@article{fishback2007taylor,
  title={Taylor series are limits of Legendre expansions},
  author={Fishback, Paul E},
  journal={Missouri Journal of Mathematical Sciences},
  volume={19},
  number={1},
  pages={29--34},
  year={2007},
  publisher={University of Central Missouri, School of Computer Science and Mathematics}
}
@book{khuwarizmi2022algebra,
  title={The Algebra of Mohammed Ben Musa. Edited and Translated by Frederic Rosen},
  author={Khuwarizmi, M.I.M. and Rosen, F.},
  isbn={9781015608870},
  url={https://books.google.com.br/books?id=HJSFzwEACAAJ},
  year={2022},
  publisher={Creative Media Partners, LLC}
}
@book{newton1729mathematical,
  title={The Mathematical Principles of Natural Philosophy},
  author={Newton, I. and Motte, A. and Machin, J.},
  number={v. 1},
  lccn={04031838},
  series={The Mathematical Principles of Natural Philosophy},
  url={https://books.google.com.br/books?id=Tm0FAAAAQAAJ},
  year={1729},
  publisher={B. Motte}
}

